@article{Mortlock:2008gf,
      author         = "Mortlock, Daniel J. and Peiris, Hiranya V. and Ivezic,
                        Zeljko",
      title          = "{Photometric constraints on white dwarfs and the
                        identification of extreme objects}",
      journal        = "Mon. Not. Roy. Astron. Soc.",
      volume         = "399",
      year           = "2009",
      pages          = "699",
      doi            = "10.1111/j.1365-2966.2009.15351.x",
      eprint         = "0810.5123",
      archivePrefix  = "arXiv",
      primaryClass   = "astro-ph",
      SLACcitation   = "%%CITATION = ARXIV:0810.5123;%%"
}